<?xml version="1.0" encoding="UTF-8"?><collection xmlns="http://www.loc.gov/MARC21/slim"><record><leader>00455nam--2200133-i-4500</leader><controlfield tag="001">000030409</controlfield><controlfield tag="002">20161230</controlfield><controlfield tag="005">20161230201038</controlfield><controlfield tag="008">060222s1000------------r-----000-0-eng-d</controlfield><datafield ind1=" " ind2=" " tag="080"><subfield code="a">550.34(083.4)</subfield></datafield><datafield ind1=" " ind2=" " tag="100"><subfield code="a">Macelwane, James B</subfield></datafield><datafield ind1=" " ind2=" " tag="245"><subfield code="a">A preliminary table of observed travel times of earthquake waves for dsiatnces between 100 and 1800 applicable only to normal earthquake</subfield></datafield><datafield ind1=" " ind2=" " tag="260"><subfield code="a">Saint Louise, Department Of Geophysics, 1933. 70p</subfield></datafield><datafield ind1=" " ind2=" " tag="852"><subfield code="a">47792</subfield></datafield></record></collection>